@book{birkhauser_pscpa,
  author  = "Jie Chen and Arjun K. Gupta",
  title   = "Parametric Stastical Change Point Analysis - With applications to Genetics, Medicine and Finance",
  year    = "2012",
  publisher = "Birkhauser"
}
